@misc{ wiki:ssao,
    author = "Wikipedia",
    title = "Screen space ambient occlusion --- Wikipedia{,} The Free Encyclopedia",
    year = "2015",
    url =
    "\url{https://en.wikipedia.org/w/index.php?title=Screen_space_ambient_occlusion&oldid=672712284}",
    note = "[Online; accessed 16-September-2015]"
}

@misc{ wiki:motion-blur,
    author = "Wikipedia",
    title = "Motion blur --- Wikipedia{,} The Free Encyclopedia",
    year = "2015",
    url = "\url{https://en.wikipedia.org/w/index.php?title=Motion_blur&oldid=673719375}",
    note = "[Online; accessed 16-September-2015]"
}

@misc{ wiki:lens-flare,
    author = "Wikipedia",
    title = "Lens flare --- Wikipedia{,} The Free Encyclopedia",
    year = "2015",
    url = "\url{https://en.wikipedia.org/w/index.php?title=Lens_flare&oldid=675741700}",
    note = "[Online; accessed 16-September-2015]"
}

@misc{ wiki:chromatic-aberration,
    author = "Wikipedia",
    title = "Chromatic aberration --- Wikipedia{,} The Free Encyclopedia",
    year = "2015",
    url = "\url{https://en.wikipedia.org/w/index.php?title=Chromatic_aberration&oldid=678303993}",
    note = "[Online; accessed 16-September-2015]"
}

@misc{ wiki:depth-of-field,
    author = "Wikipedia",
    title = "Depth of field --- Wikipedia{,} The Free Encyclopedia",
    year = "2015",
    url = "\url{https://en.wikipedia.org/w/index.php?title=Depth_of_field&oldid=679874294}",
    note = "[Online; accessed 16-September-2015]"
}

@misc{ wiki:lightmap,
    author = "Wikipedia",
    title = "Lightmap --- Wikipedia{,} The Free Encyclopedia",
    year = "2015",
    url = "\url{https://en.wikipedia.org/w/index.php?title=Lightmap&oldid=679831697}",
    note = "[Online; accessed 16-September-2015]"
}

@misc{ wiki:caustics,
    author = "Wikipedia",
    title = "Caustic (optics) --- Wikipedia{,} The Free Encyclopedia",
    year = "2015",
    url = "\url{https://en.wikipedia.org/w/index.php?title=Caustic_(optics)&oldid=674673277}",
    note = "[Online; accessed 16-September-2015]"
}

@misc{ wiki:dispersion,
    author = "Wikipedia",
    title = "Dispersion (optics) --- Wikipedia{,} The Free Encyclopedia",
    year = "2015",
    url =
    "\url{https://en.wikipedia.org/w/index.php?title=Dispersion_(optics)&oldid=677898965}",
    note = "[Online; accessed 16-September-2015]"
}
